%% This BibTeX bibliography file was created using BibDesk.
%% http://bibdesk.sourceforge.net/


%% Created for Almita at 2014-01-23 12:48:57 -0600 


%% Saved with string encoding Unicode (UTF-8) 



@book{R,
	Author = {R Foundation for Statistical Computing, Vienna, Austria},
	Date-Modified = {2014-01-23 18:48:30 +0000},
	Title = {R Develepment Core Team(2010). R: A language and environment for statistical computing},
	Publisher= {http//www.R-project.org},
	Year = {2010}}

@book{Meeker,
	Author = {William Q. Meeker and Luis A. Escobar},
	Date-Added = {2014-01-22 23:51:37 +0000},
	Date-Modified = {2014-01-22 23:59:38 +0000},
	Publisher = {Wiley series in Probability and Mathematical Statistic},
	Title = {Statistical Metohds for Reliability Data},
	Year = {1998}}

@book{Chen,
	Author = {Ming-Hui Chen, Qi-Man Shao and Joseph G. Ibrahim},
	Date-Added = {2014-01-22 23:51:36 +0000},
	Date-Modified = {2014-01-22 23:58:32 +0000},
	Publisher = {Springer-Verlag},
	Title = {Monte Carlo Methods in Bayesian Computation},
	Year = {2000}}

@book{lee,
	Author = {Peter M. Lee},
	Date-Added = {2014-01-22 23:44:29 +0000},
	Date-Modified = {2014-01-22 23:51:08 +0000},
	Publisher = {A member of the Hooder Headline Group LONDON},
	Title = {Bayesian Statistics an introduction},
	Year = {2004}}
